<record><leader>00000cas a22000007a 4500</leader><controlfield tag="001">24524216</controlfield><controlfield tag="008">911009c19689999msudn ne      0   a0eng c</controlfield><datafield ind1=" " ind2=" " tag="010"><subfield code="a">sn 94001051 </subfield></datafield><datafield ind1=" " ind2=" " tag="040"><subfield code="a">MUM</subfield><subfield code="b">eng</subfield><subfield code="c">MUM</subfield><subfield code="d">NSD</subfield><subfield code="d">OCLCQ</subfield><subfield code="d">OCLCF</subfield><subfield code="d">OCLCO</subfield></datafield><datafield ind1=" " ind2=" " tag="012"><subfield code="m">1</subfield></datafield><datafield ind1="1" ind2=" " tag="022"><subfield code="a">1077-8667</subfield><subfield code="l">1077-8667</subfield><subfield code="2">1</subfield></datafield><datafield ind1="1" ind2=" " tag="029"><subfield code="a">AU@</subfield><subfield code="b">000025848205</subfield></datafield><datafield ind1=" " ind2=" " tag="032"><subfield code="a">354740</subfield><subfield code="b">USPS</subfield></datafield><datafield ind1=" " ind2=" " tag="037"><subfield code="b">The Daily Mississippian, Farley Hall, Room 231, University, MS 38677</subfield></datafield><datafield ind1=" " ind2=" " tag="042"><subfield code="a">nsdp</subfield><subfield code="a">pcc</subfield></datafield><datafield ind1="0" ind2=" " tag="130"><subfield code="a">Daily Mississippian (University, Miss. : 1968)</subfield></datafield><datafield ind1=" " ind2="4" tag="222"><subfield code="a">The daily Mississippian</subfield><subfield code="b">(1968)</subfield></datafield><datafield ind1="0" ind2="4" tag="245"><subfield code="a">The daily Mississippian.</subfield></datafield><datafield ind1=" " ind2=" " tag="260"><subfield code="a">University, Miss. :</subfield><subfield code="b">University of Mississippi,</subfield><subfield code="c">1968-</subfield></datafield><datafield ind1=" " ind2=" " tag="300"><subfield code="a">v. :</subfield><subfield code="b">ill. ;</subfield><subfield code="c">44 cm.</subfield></datafield><datafield ind1=" " ind2=" " tag="310"><subfield code="a">Daily (except Sat. &amp; Sunday during academic year)</subfield></datafield><datafield ind1="0" ind2=" " tag="362"><subfield code="a">Vol. 57, no. 73 (Feb. 1, 1968)-</subfield></datafield><datafield ind1=" " ind2=" " tag="500"><subfield code="a">"A student-edited newspaper."</subfield></datafield><datafield ind1="2" ind2="0" tag="610"><subfield code="a">University of Mississippi</subfield><subfield code="x">Students</subfield><subfield code="v">Periodicals.</subfield></datafield><datafield ind1=" " ind2="7" tag="655"><subfield code="a">Periodicals.</subfield><subfield code="2">fast</subfield><subfield code="0">(OCoLC)fst01411641</subfield></datafield><datafield ind1="2" ind2="7" tag="610"><subfield code="a">University of Mississippi.</subfield><subfield code="2">fast</subfield><subfield code="0">(OCoLC)fst00535083</subfield></datafield><datafield ind1=" " ind2="7" tag="650"><subfield code="a">Students.</subfield><subfield code="2">fast</subfield><subfield code="0">(OCoLC)fst01136041</subfield></datafield><datafield ind1="0" ind2="0" tag="780"><subfield code="t">The Mississippian</subfield><subfield code="w">(OCoLC)24524157</subfield></datafield><datafield ind1=" " ind2=" " tag="936"><subfield code="a">Vol. 86, no. 169 (July 11, 1994) LIC</subfield></datafield></record>